%% This BibTeX bibliography file was created using BibDesk.
%% http://bibdesk.sourceforge.net/


%% Created for Serge Egelman at 2014-09-22 06:14:17 -0400 


%% Saved with string encoding Unicode (UTF-8) 



@inproceedings{Friedman2002,
	Acmid = {506577},
	Address = {New York, NY, USA},
	Author = {Friedman, Batya and Hurley, David and Howe, Daniel C. and Felten, Edward and Nissenbaum, Helen},
	Booktitle = {CHI '02 Extended Abstracts on Human Factors in Computing Systems},
	Date-Added = {2014-09-22 10:14:10 +0000},
	Date-Modified = {2014-09-22 10:14:17 +0000},
	Doi = {10.1145/506443.506577},
	Isbn = {1-58113-454-1},
	Keywords = {WWW, security, user conceptions, user differences, user models, value-sensitive design, web models, web security},
	Location = {Minneapolis, Minnesota, USA},
	Numpages = {2},
	Pages = {746--747},
	Publisher = {ACM},
	Series = {CHI EA '02},
	Title = {Users' Conceptions of Web Security: A Comparative Study},
	Url = {http://doi.acm.org/10.1145/506443.506577},
	Year = {2002},
	Bdsk-Url-1 = {http://doi.acm.org/10.1145/506443.506577},
	Bdsk-Url-2 = {http://dx.doi.org/10.1145/506443.506577}}

@article{Filkins2014,
	Author = {Dexter Filkins},
	Date-Added = {2014-09-21 15:24:23 +0000},
	Date-Modified = {2014-09-21 15:24:23 +0000},
	Journal = {The New Yorker},
	Month = {April 28},
	Title = {What We Left Behind},
	Year = {2014}}

@article{Frederick2005,
	Author = {Frederick, Shane},
	Date-Added = {2014-09-21 15:24:23 +0000},
	Date-Modified = {2014-09-21 15:24:23 +0000},
	Journal = {Journal of Economic perspectives},
	Pages = {25--42},
	Publisher = {JSTOR},
	Title = {Cognitive reflection and decision making},
	Year = {2005}}

@article{Patton1995,
	Author = {Patton, Jim H and Stanford, Matthew S and others},
	Date-Added = {2014-09-21 15:24:23 +0000},
	Date-Modified = {2014-09-21 15:24:23 +0000},
	Journal = {Journal of clinical psychology},
	Number = {6},
	Pages = {768--774},
	Publisher = {Wiley Subscription Services, Inc., A Wiley Company},
	Title = {Factor structure of the Barratt impulsiveness scale},
	Volume = {51},
	Year = {1995}}

@article{abowd2000charting,
	Author = {Abowd, Gregory D and Mynatt, Elizabeth D},
	Journal = {ACM Transactions on Computer-Human Interaction (TOCHI)},
	Number = {1},
	Pages = {29--58},
	Publisher = {ACM},
	Title = {{Charting past, present, and future research in ubiquitous computing}},
	Volume = {7},
	Year = {2000}}

@article{stewart1994intended,
	Author = {Stewart, David W and Martin, Ingrid M},
	Journal = {Journal of Public Policy \& Marketing},
	Pages = {1--19},
	Publisher = {JSTOR},
	Title = {{Intended and Unintended consequences of Warning Messages: A Review and Synthesis of Empirical Research}},
	Year = {1994}}

@inproceedings{cannella2004secure,
	Author = {Cannella, Sean and Polivy, Daniel J and Shin, Michael and Straub, Christian and Tamassia, Roberto},
	Booktitle = {Visual Languages and Human Centric Computing, 2004 IEEE Symposium on},
	Organization = {IEEE},
	Pages = {35--37},
	Title = {{Secure Visualization of Authentication Information: A Case Study}},
	Year = {2004}}

@article{azuma2001recent,
	Author = {Azuma, Ronald and Baillot, Yohan and Behringer, Reinhold and Feiner, Steven and Julier, Simon and MacIntyre, Blair},
	Journal = {Computer Graphics and Applications, IEEE},
	Number = {6},
	Pages = {34--47},
	Publisher = {IEEE},
	Title = {{Recent Advances in Augmented Reality}},
	Volume = {21},
	Year = {2001}}

@inproceedings{bellotti1993design,
	Author = {Bellotti, Victoria and Sellen, Abigail},
	Booktitle = {Proceedings of the Third European Conference on Computer-Supported Cooperative Work 13--17 September 1993, Milan, Italy ECSCW'93},
	Organization = {Springer},
	Pages = {77--92},
	Title = {{Design for Privacy in Ubiquitous Computing Environments}},
	Year = {1993}}

@inproceedings{edwards2001home,
	Author = {Edwards, W Keith and Grinter, Rebecca E},
	Booktitle = {Ubicomp 2001: Ubiquitous Computing},
	Organization = {Springer},
	Pages = {256--272},
	Title = {{At Home with Ubiquitous Computing: Seven Challenges}},
	Year = {2001}}

@inproceedings{anliker2001weararm,
	Author = {Anliker, Urs and Lukowicz, Paul and Troester, Gerhard and Schwartz, Steven J and DeVaul, Richard W},
	Booktitle = {Wearable Computers, 2001. Proceedings. Fifth International Symposium on},
	Organization = {IEEE},
	Pages = {167--168},
	Title = {{The WearARM: Modular, High Performance, Low Power Computing Platform Designed for Integration into Everyday Clothing}},
	Year = {2001}}

@article{chan2009smart,
	Author = {Chan, Marie and Campo, Eric and Est{\`e}ve, Daniel and Fourniols, Jean-Yves},
	Journal = {Maturitas},
	Number = {2},
	Pages = {90--97},
	Publisher = {Elsevier},
	Title = {{Smart Homes---Current Features and Future Perspectives}},
	Volume = {64},
	Year = {2009}}

@inproceedings{palen2003unpacking,
	Author = {Palen, Leysia and Dourish, Paul},
	Booktitle = {Proceedings of the SIGCHI conference on Human factors in computing systems},
	Organization = {ACM},
	Pages = {129--136},
	Title = {{Unpacking Privacy for a Networked World}},
	Year = {2003}}

@inproceedings{langheinrich2001privacy,
	Author = {Langheinrich, Marc},
	Booktitle = {Ubicomp 2001: Ubiquitous Computing},
	Organization = {Springer},
	Pages = {273--291},
	Title = {{Privacy by Design---Principles of Privacy-Aware Ubiquitous Systems}},
	Year = {2001}}

@inproceedings{al2003cerberus,
	Author = {Al-Muhtadi, Jalal and Ranganathan, Anand and Campbell, Roy and Mickunas, M Dennis},
	Booktitle = {Pervasive Computing and Communications, 2003.(PerCom 2003). Proceedings of the First IEEE International Conference on},
	Organization = {IEEE},
	Pages = {489--496},
	Title = {{Cerberus: a Context-Aware Security Scheme for Smart Spaces}},
	Year = {2003}}

@article{azuma1997survey,
	Author = {Azuma, Ronald T and others},
	Journal = {Presence},
	Number = {4},
	Pages = {355--385},
	Publisher = {MIT Press},
	Title = {{A Survey of Augmented Reality}},
	Volume = {6},
	Year = {1997}}

@article{chan2008review,
	Author = {Chan, Marie and Est{\`e}ve, Daniel and Escriba, Christophe and Campo, Eric},
	Journal = {Computer methods and programs in biomedicine},
	Number = {1},
	Pages = {55--81},
	Publisher = {Elsevier},
	Title = {{A Review of Smart Homes---Present State and Future Challenges}},
	Volume = {91},
	Year = {2008}}

@article{albinali2012detecting,
	Author = {Albinali, Fahd and Goodwin, Matthew S and Intille, Stephen},
	Journal = {Pervasive and Mobile Computing},
	Number = {1},
	Pages = {103--114},
	Publisher = {Elsevier},
	Title = {{Detecting Stereotypical Motor Movements in the Classroom Using Accelerometry and Pattern Recognition Algorithms}},
	Volume = {8},
	Year = {2012}}

@inproceedings{chen2010augmenting,
	Author = {Chen, Yi and Jones, Gareth JF},
	Booktitle = {Proceedings of the 1st Augmented Human International Conference},
	Organization = {ACM},
	Pages = {24},
	Title = {{Augmenting Human Memory Using Personal Lifelogs}},
	Year = {2010}}

@inproceedings{costanza2006eye,
	Author = {Costanza, Enrico and Inverso, Samuel A and Pavlov, Elan and Allen, Rebecca and Maes, Pattie},
	Booktitle = {Proceedings of the 8th conference on Human-computer interaction with mobile devices and services},
	Organization = {ACM},
	Pages = {211--218},
	Title = {{Eye-q: Eyeglass Peripheral Display for Subtle Intimate Notifications}},
	Year = {2006}}

@inproceedings{kalnikaite2010now,
	Author = {Kalnikaite, Vaiva and Sellen, Abigail and Whittaker, Steve and Kirk, David},
	Booktitle = {Proceedings of the SIGCHI Conference on Human Factors in Computing Systems},
	Organization = {ACM},
	Pages = {2045--2054},
	Title = {{Now Let Me See Where I Was: Understanding How Lifelogs Mediate Memory}},
	Year = {2010}}

@inproceedings{egelman2009timing,
	Author = {Egelman, Serge and Tsai, Janice and Cranor, Lorrie Faith and Acquisti, Alessandro},
	Booktitle = {Proceedings of the SIGCHI Conference on Human Factors in Computing Systems},
	Organization = {ACM},
	Pages = {319--328},
	Title = {{Timing is Everything?: The Effects of Timing and Placement of Online Privacy Indicators}},
	Year = {2009}}

@article{dourish2004security,
	Author = {Dourish, Paul and Grinter, Rebecca E and De La Flor, Jessica Delgado and Joseph, Melissa},
	Journal = {Personal and Ubiquitous Computing},
	Number = {6},
	Pages = {391--401},
	Publisher = {Springer},
	Title = {{Security in the Wild: User Strategies for Managing Security as an Everyday, Practical Problem}},
	Volume = {8},
	Year = {2004}}

@inproceedings{dickie2004augmenting,
	Author = {Dickie, Connor and Vertegaal, Roel and Fono, David and Sohn, Changuk and Chen, Daniel and Cheng, Daniel and Shell, Jeffrey S and Aoudeh, Omar},
	Booktitle = {Proceedings of the the 1st ACM workshop on Continuous archival and retrieval of personal experiences},
	Organization = {ACM},
	Pages = {105--109},
	Title = {{Augmenting and Sharing Memory with eyeBlog}},
	Year = {2004}}

@inproceedings{devaul2003memory,
	Author = {DeVaul, Richard W and Corey, Vicka R and others},
	Booktitle = {2012 16th International Symposium on Wearable Computers},
	Organization = {IEEE Computer Society},
	Pages = {146--146},
	Title = {{The Memory Glasses: Subliminal vs. Overt Memory Support with Imperfect Information}},
	Year = {2003}}

@inproceedings{hoyle2014privacy,
	Author = {Hoyle, Roberto and Templeman, Robert and Armes, Steven and Anthony, Denise and Crandall, David and Kapadia, Apu},
	Booktitle = {Ubicomp 2014: Ubiquitous Computing},
	Title = {{Privacy Behaviors of Lifeloggers Using Wearable Cameras}},
	Year = {2014}}

@inproceedings{srinivasan2014mobileminer,
	Author = {Srinivasan, Vijay and Moghaddam, Saeed and Mukherji, Abhishek and Rachuri, Kiran K and Xu, Chenren and Tapia, Emmanuel Munguia},
	Booktitle = {proceedings of the 2014 ACM Conference on Ubiquitous Computing (UbiComp'14)},
	Title = {{MobileMiner: Mining Your Frequent Patterns on Your Phone}},
	Year = {2014}}

@misc{SpyingFun,
	Howpublished = {\url{http://arstechnica.com/tech-policy/2013/03/rat-breeders-meet-the-men-who-spy-on-women-through-their-webcams/}},
	Note = {Accessed: 2014-09-05},
	Title = {{Meet the Men Who Spy on Women through Their Webcams}}}

@misc{SpyingMissAmerica,
	Howpublished = {\url{http://www.reuters.com/article/2013/10/31/us-usa-missteen-extortion-idUSBRE99U1G520131031}},
	Note = {Accessed: 2014-09-05},
	Title = {{ California Man Agrees to Plead Guilty to Extortion of Miss Teen USA}}}

@misc{Spying200,
	Howpublished = {\url{http://arstechnica.com/tech-policy/2011/09/how-an-omniscient-internet-sextortionist-ruined-lives/}},
	Note = {Accessed: 2014-09-06},
	Title = {{How an Omniscient Internet "Sextortionist" Ruined the Lives of Teen girls}}}

@misc{Spying,
	Howpublished = {\url{http://www.zonealarm.com/blog/2013/10/are-you-being-watched-through-your-webcam/}},
	Note = {Accessed: 2014-09-06},
	Title = {{Are You Being Watched Through Your Webcam?}}}

@misc{RobbinsVsSchool,
	Howpublished = {\url{http://www.whitman.edu/rhetoric/decisions/12-drew-nicholas-robbins-webcam.htm}},
	Note = {Accessed: 2014-09-06},
	Title = {{Lower Merion School District v. Blacke J. Robbins}}}

@inproceedings{economics,
	Author = {Woodruff, Allison and Pihur, Vasyl and Consolvo, Sunny and Schmidt, Lauren and Brandimarte, Laura and Acquisti, Alessandro},
	Booktitle = {Symposium on Usable Privacy and Security (SOUPS)},
	Title = {{Would a Privacy Fundamentalist Sell Their DNA for $1000... If Nothing Bad Happened as a Result? The Westin Categories, Behavioral Intentions, and Consequences}},
	Year = {2014}}

@article{amer2007signal,
	Author = {Amer, TS and Maris, Jo-Mae B},
	Journal = {Journal of Information Systems},
	Number = {2},
	Pages = {1--25},
	Title = {{Signal Words and Signal Icons in Application Control and Information Technology Exception Messages-Hazard Matching and Habituation Effects}},
	Volume = {21},
	Year = {2007}}

@article{cranor2006they,
	Author = {Cranor, Lorrie Faith},
	Journal = {Interactions},
	Number = {3},
	Pages = {45--47},
	Publisher = {ACM},
	Title = {{What Do They Indicate?: Evaluating Security and Privacy Indicators}},
	Volume = {13},
	Year = {2006}}

@inproceedings{whalen2005gathering,
	Author = {Whalen, Tara and Inkpen, Kori M},
	Booktitle = {Proceedings of Graphics Interface 2005},
	Organization = {Canadian Human-Computer Communications Society},
	Pages = {137--144},
	Title = {{Gathering Evidence: Use of Visual Security Cues in Web Browsers}},
	Year = {2005}}

@inproceedings{schechter2007emperor,
	Author = {Schechter, Stuart E and Dhamija, Rachna and Ozment, Andy and Fischer, Ian},
	Booktitle = {IEEE Symposium on Security and Privacy},
	Pages = {51--65},
	Title = {{The Emperor's New Security Indicators}},
	Year = {2007}}

@misc{SpyingFBI,
	Howpublished = {\url{http://www.dailydot.com/news/fbi-webcam-indicator-light-surveillance/}},
	Note = {Accessed: 2014-09-06},
	Title = {{The FBI Can Turn on Your Webcam without You Even Knowing}}}

@inproceedings{iSight,
	Author = {Brocker, Matthew and Checkoway, Stephen},
	Booktitle = {Proceedings of the 23rd USENIX Security Symposium},
	Publisher = {USENIX Association},
	Title = {{iSeeYou: Disabling the MacBook Webcam Indicator LED}},
	Url = {https://www.usenix.org/conference/usenixsecurity14/technical-sessions/presentation/brocker},
	Year = {2014},
	Bdsk-Url-1 = {https://www.usenix.org/conference/usenixsecurity14/technical-sessions/presentation/brocker}}

@misc{iSightDefender,
	Howpublished = {\url{https://github.com/stevecheckoway/iSightDefender}},
	Note = {Accessed: 2014-09-06},
	Title = {{Github Repository for Downloading iSightDefender}}}

@misc{InformationSecurityAnswer,
	Author = {Information Security Stack Exchange},
	Howpublished = {\url{http://security.stackexchange.com/questions/6758/can-webcams-be-turned-on-without-the-indicator-light}},
	Note = {Accessed: 2014-09-06},
	Title = {{Can Webcams Be Turned on without the Indicator Light?}}}

@inproceedings{egelman2008you,
	Author = {Egelman, Serge and Cranor, Lorrie Faith and Hong, Jason},
	Booktitle = {Proceedings of the SIGCHI Conference on Human Factors in Computing Systems},
	Organization = {ACM},
	Pages = {1065--1074},
	Title = {{You've been warned: an empirical study of the effectiveness of web browser phishing warnings}},
	Year = {2008}}

@inproceedings{Kang2014,
	Author = {Ruogu Kang and Stephanie Brown and Laura Dabbish and Sara Kiesler},
	Booktitle = {Proceedings of the 2014 Symposium on Usable Privacy and Security},
	Date-Added = {2014-09-09 18:45:46 +0000},
	Date-Modified = {2014-09-09 18:46:01 +0000},
	Isbn = {978-1-931971-13-3},
	Pages = {37--49},
	Publisher = {USENIX Association},
	Title = {Privacy Attitudes of Mechanical Turk Workers and the U.S. Public},
	Url = {https://www.usenix.org/conference/soups2014/proceedings/presentation/kang},
	Year = {2014},
	Bdsk-Url-1 = {https://www.usenix.org/conference/soups2014/proceedings/presentation/kang}}

@inproceedings{Cranor2014,
	Author = {Lorrie Faith Cranor and Adam L. Durity and Abigail Marsh and Blase Ur},
	Booktitle = {Proceedings of the 2014 Symposium on Usable Privacy and Security},
	Date-Added = {2014-09-09 18:40:04 +0000},
	Date-Modified = {2014-09-09 18:40:27 +0000},
	Isbn = {978-1-931971-13-3},
	Pages = {19--35},
	Publisher = {USENIX Association},
	Title = {Parents{\textquoteright} and Teens{\textquoteright} Perspectives on Privacy In a Technology-Filled World},
	Url = {https://www.usenix.org/conference/soups2014/proceedings/presentation/cranor},
	Year = {2014},
	Bdsk-Url-1 = {https://www.usenix.org/conference/soups2014/proceedings/presentation/cranor}}

@inproceedings{Das2014,
	Author = {Sauvik Das and Tiffany Hyun-Jin Kim and Laura A. Dabbish and Jason I. Hong},
	Booktitle = {Proceedings of the 2014 Symposium on Usable Privacy and Security},
	Date-Added = {2014-09-09 18:37:45 +0000},
	Date-Modified = {2014-09-09 18:38:50 +0000},
	Isbn = {978-1-931971-13-3},
	Pages = {143--157},
	Publisher = {USENIX Association},
	Title = {The Effect of Social Influence on Security Sensitivity},
	Url = {https://www.usenix.org/conference/soups2014/proceedings/presentation/das},
	Year = {2014},
	Bdsk-Url-1 = {https://www.usenix.org/conference/soups2014/proceedings/presentation/das}}

@inproceedings{Woodruff2014,
	Author = {Allison Woodruff and Vasyl Pihur and Sunny Consolvo and Laura Brandimarte and Alessandro Acquisti},
	Booktitle = {Proceedings of the 2014 Symposium on Usable Privacy and Security},
	Date-Added = {2014-09-09 18:36:39 +0000},
	Date-Modified = {2014-09-09 18:40:53 +0000},
	Isbn = {978-1-931971-13-3},
	Pages = {1--18},
	Publisher = {USENIX Association},
	Title = {Would a Privacy Fundamentalist Sell Their DNA for \$1000...If Nothing Bad Happened as a Result? The Westin Categories, Behavioral Intentions, and Consequences},
	Url = {https://www.usenix.org/conference/soups2014/proceedings/presentation/woodruff},
	Year = {2014},
	Bdsk-Url-1 = {https://www.usenix.org/conference/soups2014/proceedings/presentation/woodruff}}

@inproceedings{Almuhimedi2014,
	Author = {Hazim Almuhimedi and Adrienne Porter Felt and Robert W. Reeder and Sunny Consolvo},
	Booktitle = {Proceedings of the 2014 Symposium on Usable Privacy and Security},
	Date-Added = {2014-09-09 18:35:53 +0000},
	Date-Modified = {2014-09-09 18:39:13 +0000},
	Isbn = {978-1-931971-13-3},
	Pages = {113--128},
	Publisher = {USENIX Association},
	Title = {Your Reputation Precedes You: History, Reputation, and the Chrome Malware Warning},
	Url = {https://www.usenix.org/conference/soups2014/proceedings/presentation/almuhimedi},
	Year = {2014},
	Bdsk-Url-1 = {https://www.usenix.org/conference/soups2014/proceedings/presentation/almuhimedi}}

@misc{Hill2010,
	Author = {Kashmir Hill},
	Date-Added = {2014-09-09 18:11:11 +0000},
	Date-Modified = {2014-09-09 18:11:51 +0000},
	Howpublished = {\url{http://www.forbes.com/sites/kashmirhill/2010/10/11/lower-merion-school-district-and-blake-robbins-reach-a-settlement-in-spycamgate/}},
	Month = {October 11},
	Note = {Accessed: September 9, 2014},
	Title = {{Lower Merion School District and Blake Robbins Reach a Settlement in Spycamgate}},
	Year = {2010}}

@misc{Eddy2008,
	Author = {Nathan Eddy},
	Date-Added = {2014-09-09 17:00:53 +0000},
	Date-Modified = {2014-09-09 17:01:24 +0000},
	Howpublished = {\url{http://www.eweek.com/c/a/Midmarket/Notebook-Sales-Outpace-Desktop-Sales/}},
	Month = {December 24},
	Note = {Accessed: September 9, 2014},
	Title = {Notebook Sales Outpace Desktop Sales},
	Year = {2008}}

@inproceedings{Felt2011,
	Acmid = {2046779},
	Address = {New York, NY, USA},
	Author = {Felt, Adrienne Porter and Chin, Erika and Hanna, Steve and Song, Dawn and Wagner, David},
	Booktitle = {Proceedings of the 18th ACM Conference on Computer and Communications Security},
	Date-Added = {2014-09-09 16:41:33 +0000},
	Date-Modified = {2014-09-09 16:41:38 +0000},
	Doi = {10.1145/2046707.2046779},
	Isbn = {978-1-4503-0948-6},
	Keywords = {android, least privilege, permissions},
	Location = {Chicago, Illinois, USA},
	Numpages = {12},
	Pages = {627--638},
	Publisher = {ACM},
	Series = {CCS '11},
	Title = {Android Permissions Demystified},
	Url = {http://doi.acm.org/10.1145/2046707.2046779},
	Year = {2011},
	Bdsk-Url-1 = {http://doi.acm.org/10.1145/2046707.2046779},
	Bdsk-Url-2 = {http://dx.doi.org/10.1145/2046707.2046779}}

@misc{Anderson2013,
	Author = {Nate Anderson},
	Date-Modified = {2014-09-09 17:19:11 +0000},
	Howpublished = {\url{http://arstechnica.com/tech-policy/2013/03/rat-breeders-meet-the-men-who-spy-on-women-through-their-webcams/}},
	Month = {March 10},
	Note = {Accessed: September 5, 2014},
	Title = {{Meet the Men Who Spy on Women through Their Webcams}},
	Year = {2013}}

@misc{Dobuzinskis2013,
	Author = {Alex Dobuzinskis},
	Date-Modified = {2014-09-09 18:28:18 +0000},
	Howpublished = {\url{http://www.reuters.com/article/2013/10/31/us-usa-missteen-extortion-idUSBRE99U1G520131031}},
	Month = {October 31},
	Note = {Accessed: September 5, 2014},
	Title = {{ California Man Agrees to Plead Guilty to Extortion of Miss Teen USA}},
	Year = {2013}}

@misc{Anderson2011,
	Author = {Nate Anderson},
	Date-Modified = {2014-09-09 17:18:57 +0000},
	Howpublished = {\url{http://arstechnica.com/tech-policy/2011/09/how-an-omniscient-internet-sextortionist-ruined-lives/}},
	Month = {September 7},
	Note = {Accessed: September 6, 2014},
	Title = {{How an Omniscient Internet "Sextortionist" Ruined the Lives of Teen girls}},
	Year = {2011}}

@misc{Checkpoint2013,
	Author = {{Check Point Software Technologies Ltd.}},
	Date-Modified = {2014-09-09 17:01:48 +0000},
	Howpublished = {\url{http://www.zonealarm.com/blog/2013/10/are-you-being-watched-through-your-webcam/}},
	Month = {October 2},
	Note = {Accessed: September 6, 2014},
	Title = {{Are You Being Watched Through Your Webcam?}},
	Year = {2013}}

@misc{EFFSticker,
	Author = {{Electronic Frontier Foundation}},
	Date-Modified = {2014-09-09 18:17:14 +0000},
	Howpublished = {\url{https://supporters.eff.org/shop/laptop-camera-cover-set}},
	Note = {Accessed: September 6, 2014},
	Title = {{Laptop Camera Cover Set}}}

@misc{LogitechAnswer,
	Howpublished = {\url{http://forums.logitech.com/t5/Webcams/Can-I-turn-off-red-LED/m-p/277305#M52816}},
	Key = {Logitech},
	Note = {Accessed: 2014-09-06},
	Title = {{Logitech Forum: Can I Turn off the Red LED?}}}

@misc{EFF,
	Howpublished = {\url{https://www.eff.org/}},
	Note = {Accessed: 2014-09-06},
	Title = {{Electronic Frontier Foundation}}}

@misc{RouseSomeone,
	Author = {Rouse, Ruby A},
	Howpublished = {\url{http://campatch.com/wp-content/uploads/2012/05/CamPatch-Academy-Study-on-Webcam-Hacking-Awareness-May2012.pdf}},
	Month = {May},
	Title = {Is Someone Watching You Through Your Webcam?},
	Year = {2012}}

@misc{Campatch,
	Howpublished = {\url{http://www.campatch.com/}},
	Note = {Accessed: 2014-09-05},
	Title = {{Campatch}}}


